@online{casper2011pkuthss,
	title={pkuthss: LaTeX template for dissertations in Peking University},
	url={https://gitea.com/CasperVector/pkuthss},
	author={Casper Ti. Vector},
	urldate={2011-06-26},
	year={2011}
}

@article{devlin2018bert,
	title={Bert: Pre-training of deep bidirectional transformers for language understanding},
	author={Devlin, Jacob and Chang, Ming-Wei and Lee, Kenton and Toutanova, Kristina},
	journal={Proceedings of the 2019 Conference of the North {A}merican Chapter of the Association for Computational Linguistics: Human Language Technologies, Volume 1 (Long and Short Papers)},
	year={2019}
}

@inproceedings{yang2019xlnet,
	author = {Yang, Zhilin and Dai, Zihang and Yang, Yiming and Carbonell, Jaime and Salakhutdinov, Russ R and Le, Quoc V},
	booktitle = {Advances in Neural Information Processing Systems},
	editor = {H. Wallach and H. Larochelle and A. Beygelzimer and F. d\textquotesingle Alch\'{e}-Buc and E. Fox and R. Garnett},
	pages = {},
	publisher = {Curran Associates, Inc.},
	title = {XLNet: Generalized Autoregressive Pretraining for Language Understanding},
	url = {https://proceedings.neurips.cc/paper/2019/file/dc6a7e655d7e5840e66733e9ee67cc69-Paper.pdf},
	volume = {32},
	year = {2019}
}

@book{gut2013probability,
	title={Probability: a graduate course},
	author={Gut, Allan},
	volume={75},
	year={2013},
	publisher={Springer Science \& Business Media}
}

@book{liu2003uncertain,
  title={不确定规划及应用},
  author={刘宝碇},
  volume={1},
  year={2003},
  publisher={清华大学出版社有限公司}
}

@book{qiu2020nndl,
    title = {神经网络与深度学习},
    publisher = {机械工业出版社},
    year = {2020},
    author = {邱锡鹏},
    address = {北京},
    isbn = {9787111649687},
    url = {https://nndl.github.io/},
}

% vim:ts=4:sw=4
%%%%%%%%%%%%%%%%%%%%%%%%%%%%%%%%%%%%%%%%%%%
% 作業內容
%%%%%%%%%%%%%%%%%%%%%%%%%%%%%%%%%%%%%%%%%%%

@article{a01,
	title={Image analogies},
	author={Aaron Hertzmann and Charles E. Jacobs and Nuria Oliver and Brian Curless and David H. Salesin},
	journal={Proceedings of the 28th annual conference on Computer graphics and interactive techniques. ACM.},
	year={2001}
}

@article{a02,
	title={Matthias Bethge},
	author={Leon Gatys and Alexander S Ecker},
	journal={Proceedings of the IEEE conference on computer vision and pattern recognition},
	year={2016}
}

@article{a03,
	title={Perceptual losses for real-time style transfer and super-resolution},
	author={J.Johnson and A.Alahi and L.Fei-Fei},
	journal={European Conference on Computer Vision},
	year={2016}
}

@article{a04,
	title={Image processing using multi-code gan prior},
	author={Gu J and Shen Y and Zhou B.},
	journal={Proceedings of the IEEE/CVF conference on computer vision and pattern recognition},
	year={2020}
}


@article{a05,
	title={Restyle: A residual-based stylegan encoder via iterative refinement},
	author={Alaluf Y and Patashnik O and Cohen-Or D.},
	journal={Proceedings of the IEEE/CVF International Conference on Computer Vision},
	year={2021}
}

@article{a06,
	title={Yoshua Bengio: Generative Adversarial Nets},
	author={Ian J.Goodfellow and Jean Pouget-Abadie and Mehdi Mirza and Bing Xu and David Warde-Farley and Sherjil Ozair and Aaron C.Courville},
	journal={NIPS},
	year={2014}
}

@article{a07,
	title={Soumith Chintala:Unsupervised Representation Learning with Deep Convolutional Generative Adversarial Networks},
	author={Alec Radford and Luke Metz},
	journal={ICLR (Poster)},
	year={2016}
}

@article{a08,
	title={Image-To-Image Translation With Conditional Adversarial Networks},
	author={Phillip Isola and Jun-Yan Zhu and Tinghui Zhou},
	journal={Proceedings of the IEEE Conference on Computer Vision and Pattern Recognition (CVPR)},
	year={2017}
}

@article{a09,
	title={Unpaired Image-To-Image Translation Using Cycle-Consistent Adversarial Networks},
	author={Jun-Yan Zhu and Taesung Park and Phillip Isola},
	journal={Proceedings of the IEEE International Conference on Computer Vision (ICCV)},
	year={2017}
}

@article{a10,
	title={A Style-Based Generator Architecture for Generative Adversarial Networks},
	author={Tero Karras and Samuli Laine and Timo Aila},
	journal={CVPR},
	year={2019}
}

@article{a11,
	title={Analyzing and Improving the Image Quality of StyleGAN},
	author={Tero Karras and Samuli Laine and Miika Aittala and Janne Hellsten and Jaakko Lehtinen and Timo Aila},
	journal={CoRR},
	year={2019}
}

@article{a12,
	title={Alias-Free Generative Adversarial Networks},
	author={Tero Karras and Miika Aittala and Samuli Laine and Erik Härkönen and Janne Hellsten and Jaakko Lehtinen and Timo Aila},
	journal={CoRR},
	year={2021}
}

@article{a13,
	title={GAN Inversion: A Survey},
	author={Weihao Xia and Yulun Zhang and Yujiu Yang and Jing-Hao Xue and Bolei Zhou and Ming-Hsuan Yang},
	journal={CoRR},
	year={2021}
}

@article{a14,
	title={Designing an encoder for StyleGAN image manipulation},
	author={Omer Tov and Yuval Alaluf and Yotam Nitzan and Or Patashnik and Daniel Cohen-Or},
	journal={ACM},
	year={2021}
}

@article{a15,
	title={Encoding in Style: A StyleGAN Encoder for Image-to-Image Translation},
	author={Elad Richardson and Yuval Alaluf and Or Patashnik and Yotam Nitzan and Yaniv Azar and Stav Shapiro and Daniel Cohen-Or},
	journal={CVPR},
	year={2021}
}

@article{a16,
	title={ReStyle: A Residual-Based StyleGAN Encoder via Iterative Refinement},
	author={Yuval Alaluf and Or Patashnik and Daniel Cohen-Or},
	journal={CoRR},
	year={2021}
}

@article{a17,
	title={StyleFusion: A Generative Model for Disentangling Spatial Segments},
	author={Omer Kafri and Or Patashnik and Yuval Alaluf and Daniel Cohen-Or},
	journal={CoRR},
	year={2021}
}

@article{a18,
	title={Unsupervised representation learning with deep convolutional generative adversarial networks},
	author={Radford A and Metz L and Chintala S},
	journal={arXiv preprint},
	year={2015}
}

@article{a19,
	title={Wasserstein generative adversarial networks},
	author={Arjovsky M and Chintala S and Bottou L},
	journal={International conference on machine learning},
	year={2017}
}

@article{a20,
	title={Improved training of wasserstein gans},
	author={Ishaan Gulrajani and Faruk Ahmed and Martin Arjovsky and Vincent Dumoulin and Aaron Courville},
	journal={arXiv preprint},
	year={2017}
}

@article{a21,
	title={Progressive growing of gans for improved quality, stability, and variation},
	author={Tero Karras and Timo Aila and Samuli Laine and Jaakko Lehtinen},
	journal={arXiv},
	year={2017}
}

@article{a22,
	title={Conditional generative adversarial nets},
	author={Mirza M and Osindero S},
	journal={arXiv preprint},
	year={2014}
}

@article{a23,
	title={Data augmentation generative adversarial networks},
	author={Antoniou A and Storkey A and Edwards H},
	journal={arXiv preprint},
	year={2017}
}

@article{a24,
	title={Image processing using multi-code gan prior},
	author={Gu J and Shen Y and Zhou B},
	journal={Proceedings of the IEEE/CVF conference on computer vision and pattern recognition},
	year={2020}
}